<?xml version="1.0" encoding="UTF-8"?><collection xmlns="http://www.loc.gov/MARC21/slim"><record><leader>00569nam--2200193-i-4500</leader><controlfield tag="001">000028911</controlfield><controlfield tag="002">20161230</controlfield><controlfield tag="005">20161230201037</controlfield><controlfield tag="008">060222s1000------------r-----000-0-eng-d</controlfield><datafield ind1=" " ind2=" " tag="020"><subfield code="a">35400606863</subfield></datafield><datafield ind1=" " ind2=" " tag="040"><subfield code="a">IFIN-HH</subfield></datafield><datafield ind1=" " ind2=" " tag="080"><subfield code="a">512.546.3</subfield></datafield><datafield ind1="1" ind2=" " tag="100"><subfield code="a">Eymard, Pierre</subfield></datafield><datafield ind1="1" ind2="0" tag="245"><subfield code="a">Moyennes invariantes et representations unitaires</subfield><subfield code="b">Ecture notes in matrhematics vol.300</subfield><subfield code="c">Pierre eymard</subfield></datafield><datafield ind1=" " ind2=" " tag="260"><subfield code="a">Berlin</subfield><subfield code="b">Springer-verlag</subfield><subfield code="c">1972</subfield></datafield><datafield ind1=" " ind2=" " tag="300"><subfield code="a">113P</subfield></datafield><datafield ind1=" " ind2=" " tag="490"><subfield code="a">Lecture Notes In Matrhematics</subfield><subfield code="v">Vol. 300</subfield></datafield><datafield ind1=" " ind2=" " tag="852"><subfield code="a">46503</subfield><subfield code="c">519.4/5</subfield></datafield><datafield ind1=" " ind2=" " tag="CAT"><subfield code="a">Sys</subfield><subfield code="c">20130813</subfield><subfield code="h">171823</subfield></datafield></record></collection>